@inproceedings{delrocco_spie,
  title={Learning and estimating whole sky visible, VNIR, SWIR radiance distributions from a commercial camera},
  author={Del Rocco, Joseph and Patterson, Charles B. and Dhrif, Hassen and Kider, Joseph T.},
  booktitle={Optics and Photonics for Information Processing XII},
  volume={10751},
  pages={107510F},
  year={2018},
  organization={SPIE},
  note = {\url{https://doi.org/10.1117/12.2321295}}
}

@inproceedings{malthus_foreoptic,
  title={High performance fore optic accessories and tools for reflectance and radiometric measurements with the {ASD} {FR3} spectroradiometer},
  author={Malthus, Tim and MacLellan, Christopher},
  booktitle={{ESA Hyperspectral Workshop} 2010 ``From Chris/Proba to PRISMA and EnMAP and beyond''},
  year={2010},
  pages={EP101432},
  organization={European Space Agency},
  note = {\url{http://hdl.handle.net/102.100.100/108223}}
}

@article{bourke_fisheye,
  title={Lens correction and distortion},
  author={Bourke, Paul},
  journal={Professional web site:},
  year={2016},
  note = {\url{http://paulbourke.net/dome/fisheyecorrect}}
}

@incollection{noaa_fmh1chpt9_2017,
	address = {Washington, D.C.},
	edition = {FCM-H1-2017},
	title = {Chapter 9: {Sky} {Condition}},
	url = {https://www.ofcm.gov/publications/fmh/FMH1/FMH1_2017.pdf},
	language = {English},
	booktitle = {Federal {Meteorological} {Handbook} {No}. 1: {Surface} {Weather} {Observations} and {Reports}},
	publisher = {National Oceanic and Atmospheric Administration},
	author = {{Office Of The Federal Coordinator For Meteorological Services And Supporting Research}},
	month = nov,
	year = {2017},
	pages = {45--50}
}

@article{tohsing_validation_2014,
	title = {Validation of spectral sky radiance derived from all-sky camera images-a case study},
	journal = {Atmospheric Measurement Techniques 7 (2014), Nr. 7.},
	author = {Tohsing, Korntip and Schrempf, Michael and Riechelmann, Stefan and Seckmeyer, Gunther},
	year = {2014},
	note = {\url{https://doi.org/10.15488/5}}
}

@article{strutt_lightfromsky_1871,
  title={On the light from the sky, its polarization and colour},
  author={Strutt, John W},
  journal={The London, Edinburgh, and Dublin Philosophical Magazine and Journal of Science},
  volume={41},
  number={271},
  pages={107--120},
  year={1871},
  publisher={Taylor \& Francis}
}

@article{henyey_greenstein,
  title={Diffuse radiation in the galaxy},
  author={Henyey, Louis G and Greenstein, Jesse L},
  journal={The Astrophysical Journal},
  volume={93},
  pages={70--83},
  year={1941}
}

@article{cornette_shanks,
  title={Physically reasonable analytic expression for the single-scattering phase function},
  author={Cornette, William M and Shanks, Joseph G},
  journal={Applied optics},
  volume={31},
  number={16},
  pages={3152--3160},
  year={1992},
  publisher={Optical Society of America},
  note={\url{https://doi.org/10.1364/AO.31.003152}}
}

@article{pokrowski_1929,
  title={{\"U}ber einen scheinbaren Mie-Effekt und seine m{\"o}gliche Rolle in der Atmosph{\"a}renoptik},
  author={Pokrowski, GI},
  journal={Zeitschrift f{\"u}r Physik},
  volume={53},
  number={1-2},
  pages={67--71},
  year={1929},
  publisher={Springer}
}

@article{kimball_intensity,
  title={Intensity of solar radiation at the surface of the earth, and its variations with latitude, altitude, season, and time of day},
  author={Kimball, Herbert H},
  journal={Monthly Weather Review},
  volume={63},
  number={1},
  pages={1--4},
  year={1935}
}

@inproceedings{imai_spectral_1999,
	title = {Spectral estimation using trichromatic digital cameras},
	volume = {42},
	url = {http://www.cis.rit.edu/research/mcsl2/online/Spectral/TechnicalPapers/SpecEstimRGBCamera_Chiba99.pdf},
	urldate = {2016-09-08},
	booktitle = {Proceedings of the {International} {Symposium} on {Multispectral} {Imaging} and {Color} {Reproduction} for {Digital} {Archives}},
	author = {Imai, Francisco H. and Berns, Roy S.},
	year = {1999}
}

@article{lopez-alvarez_using_2008,
	title = {Using a trichromatic {CCD} camera for spectral skylight estimation},
	volume = {47},
	url = {https://www.osapublishing.org/abstract.cfm?uri=ao-47-34-h31},
	number = {34},
	urldate = {2016-09-08},
	journal = {Applied optics},
	author = {L{\'o}pez-{\'A}lvarez, Miguel A. and Hern{\'a}ndez-Andr{\'e}s, Javier and Romero, Javier and Olmo, F. J. and Cazorla, A. and Alados-Arboledas, L.},
	year = {2008},
	pages = {H31--H38}
}

@article{ehrlich_airborne_2012,
	title = {Airborne hyperspectral observations of surface and cloud directional reflectivity using a commercial digital camera},
	volume = {12},
	url = {http://www.atmos-chem-phys.net/12/3493/2012/acp-12-3493-2012.html},
	number = {7},
	urldate = {2016-09-08},
	journal = {Atmospheric Chemistry and Physics},
	author = {Ehrlich, A. and Bierwirth, E. and Wendisch, M. and Herber, A. and Gayet, J.-F.},
	year = {2012},
	pages = {3493--3510}
}

@article{saito_estimation_2016,
	title = {Estimation of spectral distribution of sky radiance using a commercial digital camera},
	volume = {55},
	issn = {0003-6935, 1539-4522},
	language = {en},
	number = {2},
	urldate = {2016-09-08},
	journal = {Applied Optics},
	author = {Saito, Masanori and Iwabuchi, Hironobu and Murata, Isao},
	month = jan,
	year = {2016},
	pages = {415},
	note = {\url{https://doi.org/10.1364/AO.55.000415}}
}

@inproceedings{stumpfel_2004,
  title={Direct HDR capture of the sun and sky},
  author={Stumpfel, Jessi and Tchou, Chris and Jones, Andrew and Hawkins, Tim and Wenger, Andreas and Debevec, Paul},
  booktitle={Proceedings of the 3rd International Conference on Computer Graphics, Virtual Reality, Visualisation and Interaction in Africa},
  series = {AFRIGRAPH '04},
  pages={145--149},
  numpages = {5},
  year={2004},
  organization={ACM},
  note={\url{http://doi.acm.org/10.1145/1029949.1029977}}
}

@article{hardeberg_multispectral_1999,
	title = {Multispectral image acquisition and simulation of illuminant changes},
	url = {http://citeseerx.ist.psu.edu/viewdoc/download?doi=10.1.1.35.2243&rep=rep1&type=pdf},
	urldate = {2016-09-08},
	journal = {Colour imaging: vision and technology},
	author = {Hardeberg, Jon Yngve and Schmitt, Francis and Brettel, Hans and Crettez, Jean-Pierre and Maitre, Henri},
	year = {1999},
	pages = {145--164}
}

@article{kider_framework_2014,
	title = {A framework for the experimental comparison of solar and skydome illumination},
	volume = {33},
	number = {6},
	journal = {ACM Transactions on Graphics (TOG)},
	author = {Kider, Joseph T. and Knowlton, Daniel and Newlin, Jeremy and Li, Yining Karl and Greenberg, Donald P.},
	year = {2014},
	pages = {180},
	note = {\url{https://doi.org/10.1145/2661229.2661259}}
}

@article{steven_standard_1977,
	title = {Standard distributions of clear sky radiance},
	volume = {103},
	issn = {1477-870X},
	url = {http://dx.doi.org/10.1002/qj.49710343706},
	doi = {10.1002/qj.49710343706},
	number = {437},
	journal = {Quarterly Journal of the Royal Meteorological Society},
	author = {Steven, Michael D. and Unsworth, M. H.},
	year = {1977},
	pages = {457--465}
}

@article{efron_least_2004,
	title = {Least angle regression},
	volume = {32},
	number = {2},
	journal = {The Annals of statistics},
	author = {Efron, Bradley and Hastie, Trevor and Johnstone, Iain and Tibshirani, Robert},
	year = {2004},
	pages = {407--499},
	file = {lars.pdf:C\:\\Users\\jdelrocc\\Zotero\\storage\\XHQUZLJ4\\lars.pdf:application/pdf}
}

@article{reda_spa,
	title = {Solar position algorithm for solar radiation applications},
	volume = {76},
	number = {5},
	journal = {Solar energy},
	author = {Reda, Ibrahim and Andreas, Afshin},
	year = {2004},
	pages = {577--589},
	note = {\url{https://doi.org/10.1016/j.solener.2003.12.003}}
}

@article{blanc_sg2,
  title={The SG2 algorithm for a fast and accurate computation of the position of the Sun for multi-decadal time period},
  author={Blanc, Ph and Wald, Lucien},
  journal={Solar Energy},
  volume={86},
  number={10},
  pages={3072--3083},
  year={2012},
  publisher={Elsevier}
}

@article{roman_calibration_2012,
	title = {Calibration of an all-sky camera for obtaining sky radiance at three wavelengths},
	volume = {5},
	issn = {1867-8548},
	url = {http://www.atmos-meas-tech.net/5/2013/2012/},
	doi = {10.5194/amt-5-2013-2012},
	language = {en},
	number = {8},
	urldate = {2018-02-05},
	journal = {Atmospheric Measurement Techniques},
	author = {Rom{\'a}n, R. and Ant{\`o}n, M. and Cazorla, A. and de Miguel, A. and Olmo, F. J. and Bilbao, J. and Alados-Arboledas, L.},
	month = aug,
	year = {2012},
	pages = {2013--2024}
}

@article{lee_jr_measuring_2008,
	title = {Measuring overcast colors with all-sky imaging},
	volume = {47},
	number = {34},
	journal = {Applied optics},
	author = {Lee Jr, Raymond L.},
	year = {2008},
	pages = {H106--H115}
}

@article{saito_cloud,
	title = {Cloud {Discrimination} from {Sky} {Images} {Using} a {Clear}-{Sky} {Index}},
	volume = {33},
	issn = {0739-0572, 1520-0426},
	url = {http://journals.ametsoc.org/doi/10.1175/JTECH-D-15-0204.1},
	doi = {10.1175/JTECH-D-15-0204.1},
	language = {en},
	number = {8},
	urldate = {2018-02-02},
	journal = {Journal of Atmospheric and Oceanic Technology},
	author = {Saito, Masanori and Iwabuchi, Hironobu},
	month = aug,
	year = {2016},
	pages = {1583--1595}
}

@article{yamashita_cloud,
  title={Cloud cover estimation using multitemporal hemisphere imageries},
  author={Yamashita, M and Yoshimura, M and Nakashizuka, T},
  journal={International Archives of Photogrammetry Remote Sensing and Spatial Information Sciences},
  volume={35},
  number={7},
  pages={826--829},
  year={2004},
  publisher={Citeseer}
}

@article{li_cloud,
  title={A hybrid thresholding algorithm for cloud detection on ground-based color images},
  author={Li, Qingyong and Lu, Weitao and Yang, Jun},
  journal={Journal of atmospheric and oceanic technology},
  volume={28},
  number={10},
  pages={1286--1296},
  year={2011}
}

@article{rossini_maps_2007,
	title = {Maps of sky relative radiance and luminance distributions acquired with a monochromatic {CCD} camera},
	volume = {81},
	issn = {0038092X},
	url = {http://linkinghub.elsevier.com/retrieve/pii/S0038092X07001508},
	doi = {10.1016/j.solener.2007.06.013},
	language = {en},
	number = {11},
	urldate = {2018-02-20},
	journal = {Solar Energy},
	author = {Rossini, Elton G. and Krenzinger, Arno},
	month = nov,
	year = {2007},
	pages = {1323--1332}
}

@article{juan_calibration_2009,
	title = {Calibration and {Validation} of an {All}-{Sky} {Imager}},
	volume = {2},
	issn = {1674-2834, 2376-6123},
	url = {http://www.tandfonline.com/doi/full/10.1080/16742834.2009.11446806},
	doi = {10.1080/16742834.2009.11446806},
	language = {en},
	number = {4},
	urldate = {2018-02-20},
	journal = {Atmospheric and Oceanic Science Letters},
	author = {Juan, Huo and Da-Ren, Lu},
	month = jan,
	year = {2009},
	pages = {220--223}
}

@article{chauvin_modelling_2015,
	title = {Modelling the clear-sky intensity distribution using a sky imager},
	volume = {119},
	issn = {0038092X},
	language = {en},
	urldate = {2018-02-20},
	journal = {Solar Energy},
	author = {Chauvin, R{\'e}mi and Nou, Julien and Thil, St{\'e}phane and Grieu, St{\'e}phane},
	month = sep,
	year = {2015},
	pages = {1--17},
	note = {\url{https://doi.org/10.1016/j.solener.2015.06.026}}
}

@article{nou_intrahour,
  title={Towards the intrahour forecasting of direct normal irradiance using sky-imaging data},
  author={Nou, Julien and Chauvin, R{\'e}mi and Eynard, Julien and Thil, St{\'e}phane and Grieu, St{\'e}phane},
  journal={Heliyon},
  volume={4},
  number={4},
  pages={e00598},
  year={2018},
  publisher={Elsevier},
  note={\url{https://doi.org/10.1016/j.heliyon.2018.e00598}}
}

@article{cazorla_using_2008,
	title = {Using a sky imager for aerosol characterization},
	volume = {42},
	number = {11},
	journal = {Atmospheric Environment},
	author = {Cazorla, A and Olmo, FJ and Alados-Arboledas, L},
	year = {2008},
	pages = {2739--2745}
}

@article{cazorla_development_2008,
	title = {Development of a sky imager for cloud cover assessment},
	volume = {25},
	number = {1},
	journal = {JOSA A},
	author = {Cazorla, A. and Olmo, F. J. and Alados-Arboledas, L.},
	year = {2008},
	pages = {29--39}
}

@article{milton_estimating_2006,
	title = {Estimating the irradiance spectrum from measurements in a limited number of spectral bands},
	volume = {100},
	issn = {0034-4257},
	url = {http://www.sciencedirect.com/science/article/pii/S0034425705003780},
	doi = {10.1016/j.rse.2005.10.016},
	number = {3},
	urldate = {2018-02-28},
	journal = {Remote Sensing of Environment},
	author = {Milton, E. J. and Rollin, E. M.},
	month = feb,
	year = {2006},
	keywords = {Atmosphere, Calibration, Field spectroscopy, Methodology, Spectral irradiance},
	pages = {348--355}
}

@article{mie_beitrage_1908,
  title={Beitr{\"a}ge zur Optik tr{\"u}ber Medien, speziell kolloidaler Metall{\"o}sungen},
  author={Mie, Gustav},
  journal={Annalen der physik},
  volume={330},
  number={3},
  pages={377--445},
  year={1908},
  publisher={Wiley Online Library}
}

@incollection{wriedt_miereview_2012,
  title={Mie theory: a review},
  author={Wriedt, Thomas},
  booktitle={The Mie Theory},
  pages={53--71},
  year={2012},
  publisher={Springer}
}

@book{wriedt_miebook_2012,
  title={The Mie Theory: basics and applications},
  author={Hergert, Wolfram and Wriedt, Thomas},
  volume={169},
  year={2012},
  publisher={Springer}
}

@article{pissulla_comparison_2009,
	title = {Comparison of atmospheric spectral radiance measurements from five independently calibrated systems},
	volume = {8},
	issn = {1474-905X, 1474-9092},
	url = {http://xlink.rsc.org/?DOI=b817018e},
	doi = {10.1039/b817018e},
	language = {en},
	number = {4},
	urldate = {2018-06-18},
	journal = {Photochemical \& Photobiological Sciences},
	author = {Pissulla, D. and Seckmeyer, G. and Cordero, R. R. and Blumthaler, M. and Schallhart, B. and Webb, A. and Kift, R. and Smedley, A. and Bais, A. F. and Kouremeti, N. and Cede, A. and Herman, J. and Kowalewski, M.},
	year = {2009},
	pages = {516}
}

@article{cordero_downwelling_2013,
	title = {Downwelling and upwelling radiance distributions sampled under cloudless conditions in {Antarctica}},
	volume = {52},
	issn = {1559-128X, 2155-3165},
	url = {https://www.osapublishing.org/abstract.cfm?URI=ao-52-25-6287},
	doi = {10.1364/AO.52.006287},
	language = {en},
	number = {25},
	urldate = {2018-06-21},
	journal = {Applied Optics},
	author = {Cordero, Raul R. and Damiani, Alessandro and Ferrer, Jorge and Rayas, Juan and Jorquera, Jose and Tobar, Mario and Labbe, Fernando and Laroze, David},
	month = sep,
	year = {2013},
	pages = {6287}
}

@inproceedings{nishita_model93,
  title={Display of the earth taking into account atmospheric scattering},
  author={Nishita, Tomoyuki and Sirai, Takao and Nakamae, Eihachiro and Tadamura, Katsumi},
  booktitle={{SIGGRAPH}},
  volume={93},
  pages={175},
  year={1993},
  note={\url{https://doi.org/10.1145/166117.166140}}
}

@inproceedings{nishita_model96,
  title={Display of clouds taking into account multiple anisotropic scattering and sky light},
  author={Nishita, Tomoyuki and Dobashi, Yoshinori and Nakamae, Eihachiro},
  booktitle={Proceedings of the 23rd annual conference on Computer graphics and interactive techniques},
  pages={379--386},
  year={1996},
  organization={ACM},
  note={\url{https://doi.org/10.1145/237170.237277}}
}

@article{perez_1993,
  title={All-weather model for sky luminance distribution—preliminary configuration and validation},
  author={Perez, Richard and Seals, Robert and Michalsky, Joseph},
  journal={Solar energy},
  volume={50},
  number={3},
  pages={235--245},
  year={1993},
  publisher={Elsevier},
  note={\url{https://doi.org/10.1016/0038-092X(93)90017-I}}
}

@article{igawa_2001,
  title={All Sky Model as a standard sky for the simulation of daylit environment},
  author={Igawa, Norio and Nakamura, Hiroshi},
  journal={Building and Environment},
  volume={36},
  number={6},
  pages={763--770},
  year={2001},
  publisher={Elsevier},
  note={\url{https://doi.org/10.1016/S0360-1323(00)00062-7}}
}

@article{bruneton_2017,
  title={A qualitative and quantitative evaluation of 8 clear sky models},
  author={Bruneton, Eric},
  journal={IEEE transactions on visualization and computer graphics},
  volume={23},
  number={12},
  pages={2641--2655},
  year={2016},
  publisher={IEEE},
  note={\url{https://doi.org/10.1109/TVCG.2016.2622272}}
}

@inproceedings{zotti_review,
  title={A critical review of the Preetham skylight model},
  booktitle={WSCG '2007: Short Communications Proceedings},
  author={Zotti, Georg and Wilkie, Alexander and Purgathofer, Werner},
  year={2007},
  publisher={V{\'a}clav Skala-UNION Agency},
  pages={23--30},
  note={\url{http://hdl.handle.net/11025/11160}}
}

@inproceedings{preetham_model,
  title={A practical analytic model for daylight},
  author={Preetham, A.J. and Shirley, Peter and Smits, Brian},
  booktitle = {Proceedings of the 26th Annual Conference on Computer Graphics and Interactive Techniques},
  series = {SIGGRAPH '99},
  isbn = {0-201-48560-5},
  publisher = {ACM Press/Addison-Wesley Publishing Co.},
  year={1999},
  pages={91--100},
  organization={ACM},
  note={\url{https://doi.org/10.1145/311535.311545}}
}

@incollection{oneal_model,
  author={O'Neil, Sean},
  editor={Pharr, Matt and Randima, Fernando},
  title={Accurate atmospheric scattering},
  booktitle={GPU Gems 2},
  isbn={0-321-33559-7},
  pages={253--268},
  year={2005},
  chapter={16},
  publisher={Addison-Wesley},
  note={\url{https://developer.nvidia.com/gpugems/GPUGems/}}
}

@article{haber_model,
  title={Physically-based simulation of twilight phenomena},
  author={Haber, J{\"o}rg and Magnor, Marcus and Seidel, Hans-Peter},
  journal={{ACM Transactions on Graphics (TOG)}},
  volume={24},
  number={4},
  pages={1353--1373},
  year={2005},
  publisher={ACM},
  note={\url{https://doi.org/10.1145/1095878.1095884}}
}

@article{nakamura_1985,
  title={A study on the estimation of the relative frequency of occurrences of the Clear Sky, the Intermediate Sky and the Overcast Sky in Japan},
  author={Nakamura, Hiroshi and Oki, Masato and Hayashi, Yutaka},
  journal={Journal of Light \& Visual Environment},
  volume={9},
  number={2},
  pages={2\_22--2\_31},
  year={1985},
  publisher={The Illuminating Engineering Institute of Japan},
  note={\url{https://doi.org/10.2150/jlve.9.2_22}}
}

@article{littlefair_1981,
  title={The luminance distribution of an average sky},
  author={Littlefair, Paul J},
  journal={Lighting Research \& Technology},
  volume={13},
  number={4},
  pages={192--198},
  year={1981},
  publisher={SAGE Publications Sage UK: London, England},
  note={\url{https://doi.org/10.1177/096032718101300402}}
}

@inproceedings{bruneton_2008,
  title={Precomputed atmospheric scattering},
  author={Bruneton, Eric and Neyret, Fabrice},
  booktitle={{Computer Graphics Forum}},
  volume={27},
  number={4},
  pages={1079--1086},
  year={2008},
  organization={Wiley Online Library},
  note={\url{https://doi.org/10.1111/j.1467-8659.2008.01245.x}}
}

@inproceedings{elek_model,
  title={Real-time spectral scattering in large-scale natural participating media},
  author={Elek, Oskar and Kmoch, Petr},
  booktitle={Proceedings of the 26th Spring Conference on Computer Graphics},
  pages={77--84},
  year={2010},
  organization={ACM},
  note={\url{https://doi.org/10.1145/1925059.1925074}}
}

@article{hosek_model,
  title={An analytic model for full spectral sky-dome radiance},
  author={Hosek, Lukas and Wilkie, Alexander},
  journal={{ACM Transactions on Graphics} (TOG)},
  volume={31},
  number={4},
  pages={95},
  year={2012},
  publisher={ACM},
  note={\url{https://doi.org/10.1145/2185520.2185591}}
}

@article{yao_2015,
  title={A new anisotropic diffuse radiation model},
  author={Yao, Wanxiang and Li, Zhengrong and Zhao, Qun and Lu, Yuan and Lu, Ruiyang},
  journal={Energy Conversion and Management},
  volume={95},
  pages={304--313},
  year={2015},
  publisher={Elsevier},
  note={\url{https://doi.org/10.1016/j.enconman.2015.01.016}}
}

@article{kittler_1994,
  title={Some qualities of scattering functions defining sky radiance distributions},
  author={Kittler, Richard},
  journal={Solar Energy},
  volume={53},
  number={6},
  pages={511--516},
  year={1994},
  publisher={Elsevier},
  note={\url{https://doi.org/10.1016/0038-092X(94)90131-K}}
}

@article{kocifaj_scattering_2009,
  title={Sky luminance/radiance model with multiple scattering effect},
  author={Kocifaj, Miroslav},
  journal={Solar Energy},
  volume={83},
  number={10},
  pages={1914--1922},
  year={2009},
  publisher={Elsevier},
  note={\url{https://doi.org/10.1016/j.solener.2009.07.004}}
}

@article{kocifaj_angular_2012,
  title={Angular distribution of scattered radiation under broken cloud arrays: an approximation of successive orders of scattering},
  author={Kocifaj, Miroslav},
  journal={Solar Energy},
  volume={86},
  number={12},
  pages={3575--3586},
  year={2012},
  publisher={Elsevier},
  note={\url{https://doi.org/10.1016/j.solener.2012.06.022}}
}

@article{kocifaj_unified_2015,
	title = {Unified model of radiance patterns under arbitrary sky conditions},
	volume = {115},
	issn = {0038092X},
	language = {en},
	urldate = {2018-06-21},
	journal = {Solar Energy},
	author = {Kocifaj, Miroslav},
	month = may,
	year = {2015},
	pages = {40--51},
	note = {\url{http://linkinghub.elsevier.com/retrieve/pii/S0038092X15000894}}
}

@article{arking_cloudcover,
  title={Retrieval of cloud cover parameters from multispectral satellite images},
  author={Arking, Albert and Childs, Jeffrey D},
  journal={Journal of Climate and Applied Meteorology},
  volume={24},
  number={4},
  pages={322--333},
  year={1985}
}

@article{smith_tilt,
  title={An all-sky radiative transfer method to predict optimal tilt and azimuth angle of a solar collector},
  author={Smith, Christopher J and Forster, Piers M and Crook, Rolf},
  journal={Solar Energy},
  volume={123},
  pages={88--101},
  year={2016},
  publisher={Elsevier}
}

@inproceedings{veach_metropolis,
  title={Metropolis light transport},
  author={Veach, Eric and Guibas, Leonidas J},
  booktitle={Proceedings of the 24th annual conference on Computer graphics and interactive techniques},
  pages={65--76},
  year={1997},
  organization={ACM Press/Addison-Wesley Publishing Co.}
}

@article{kider_islamic,
  title={Recreating early Islamic glass lamp lighting},
  author={Kider, Joseph T and Fletcher, Rebecca and Yu, Nancy and Holod, Renata and Chalmers, Alan and Badler, Norman I},
  year={2009}
}

@article{nicodemus_brdf,
  title={Directional reflectance and emissivity of an opaque surface},
  author={Nicodemus, Fred E},
  journal={Applied optics},
  volume={4},
  number={7},
  pages={767--775},
  year={1965},
  publisher={Optical Society of America}
}

@article{deering_atmospheric,
  title={Atmospheric optical depth effects on angular anisotropy of plant canopy reflectance},
  author={Deering, Donald W and Eck, Thomas F},
  journal={International Journal of Remote Sensing},
  volume={8},
  number={6},
  pages={893--916},
  year={1987},
  publisher={Taylor \& Francis}
}

@article{kurt_survey,
  title={A survey of BRDF models for computer graphics},
  author={Kurt, Murat and Edwards, Dave},
  journal={ACM SIGGRAPH Computer Graphics},
  volume={43},
  number={2},
  pages={4},
  year={2009},
  publisher={ACM}
}

@article{cook_torrance_brdf,
  title={A reflectance model for computer graphics},
  author={Cook, Robert L and Torrance, Kenneth E.},
  journal={ACM Transactions on Graphics (TOG)},
  volume={1},
  number={1},
  pages={7--24},
  year={1982},
  publisher={ACM}
}

@misc{jakob_mitsuba,
    author = {Wenzel Jakob},
    year = {2010},
    note = {http://www.mitsuba-renderer.org},
    title = {Mitsuba renderer}
}

@article{satylmys_ann,
  title={A machine-learning-driven sky model},
  author={Sat{\`y}lm{\`y}s, P{\`y}nar and Bashford-Rogers, Thomas and Chalmers, Alan and Debattista, Kurt},
  journal={IEEE computer graphics and applications},
  volume={37},
  number={1},
  pages={80--91},
  year={2016},
  publisher={IEEE},
  note={\url{https://doi.org/10.1109/MCG.2016.67}}
}

@book{jarosz_montecarlo,
  title={Efficient Monte Carlo methods for light transport in scattering media},
  author={Jarosz, Wojciech},
  year={2008},
  publisher={Citeseer}
}

@article{schumann_environment,
  title={Environment mapping for fast and robust calculation of indirect radiant energy},
  author={Schumann, Lars and Greenberg, Donald P},
  journal={Proceedings of SimBuild},
  volume={5},
  number={1},
  pages={263--269},
  year={2012}
}

@book{hensen_buildingperformance,
  title={Building performance simulation for design and operation},
  author={Hensen, Jan LM and Lamberts, Roberto},
  year={2012},
  publisher={Routledge}
}

@article{butler_2008,
  title={Architects of a low-energy future: low-and zero-energy buildings could have a huge impact on energy use and carbon emissions. We have the technologies, but if they are to mitigate climate change, green-building design must hit the mass market},
  author={Butler, Declan},
  journal={Nature},
  volume={452},
  number={7187},
  pages={520--524},
  year={2008},
  publisher={Nature Publishing Group}
}

@article{mazria_2008,
  title={Meeting the 2030 challenge through building codes},
  author={Mazria, Edward and Kershner, Kristina},
  journal={Architecture},
  volume={2030},
  year={2008}
}

@article{jakica_survey,
  title={State-of-the-art review of solar design tools and methods for assessing daylighting and solar potential for building-integrated photovoltaics},
  author={Jakica, Nebojsa},
  journal={Renewable and Sustainable Energy Reviews},
  year={2017},
  publisher={Elsevier}
}

@book{chandrasekhar_1950,
  title={Radiative Transfer},
  author={Chandrasekhar, S},
  publisher={Oxford University Press},
  year={1950},
}

@book{mishchenko_2002,
  title={Scattering, absorption, and emission of light by small particles},
  author={Mishchenko, Michael I and Travis, Larry D and Lacis, Andrew A},
  year={2002},
  publisher={Cambridge university press}
}

@book{chandrasekhar_radiative,
  title={Radiative transfer},
  author={Chandrasekhar, Subrahmanyan},
  year={2013},
  publisher={Courier Corporation}
}

@article{sigernes_sensitivity,
  title={Sensitivity calibration of digital colour cameras for auroral imaging},
  author={Sigernes, Fred and Holmes, Jeffrey Morgan and Dyrland, Margit and Lorentzen, Dag Arne and Sven{\o}e, Trond and Heia, Karsten and Aso, Takehiko and Chernouss, Sergey and Deehr, Charles Sterling},
  journal={Optics express},
  volume={16},
  number={20},
  pages={15623--15632},
  year={2008},
  publisher={Optical Society of America}
}

@article{pedregosa_scikit,
  title={Scikit-learn: Machine learning in Python},
  author={Pedregosa, Fabian and Varoquaux, Ga{\"e}l and Gramfort, Alexandre and Michel, Vincent and Thirion, Bertrand and Grisel, Olivier and Blondel, Mathieu and Prettenhofer, Peter and Weiss, Ron and Dubourg, Vincent and others},
  journal={Journal of machine learning research},
  volume={12},
  number={Oct},
  pages={2825--2830},
  year={2011}
}

@article{behnel_cython,
  title={Cython: The best of both worlds},
  author={Behnel, Stefan and Bradshaw, Robert and Citro, Craig and Dalcin, Lisandro and Seljebotn, Dag Sverre and Smith, Kurt},
  journal={Computing in Science \& Engineering},
  volume={13},
  number={2},
  pages={31--39},
  year={2011},
  publisher={IEEE}
}

@book{mitchell_ml,
  title={Machine learning: An artificial intelligence approach},
  author={Michalski, Ryszard S and Carbonell, Jaime G and Mitchell, Tom M},
  year={2013},
  publisher={Springer Science \& Business Media}
}

@article{domingos_feature,
  title={A few useful things to know about machine learning},
  author={Domingos, Pedro},
  journal={Communications of the ACM},
  volume={55},
  number={10},
  pages={78--87},
  year={2012},
  publisher={ACM},
  note = {\url{https://doi.org/10.1145/2347736.2347755}}
}

@article{yu_eda,
  title={Exploratory data analysis},
  author={Yu, Chong Ho},
  journal={Methods},
  volume={2},
  pages={131--160},
  year={1977},
  note={\url{https://dx.doi.org/10.1093/obo/9780199828340-0200}}
}

@article{forman_feature,
  title={An extensive empirical study of feature selection metrics for text classification},
  author={Forman, George},
  journal={Journal of machine learning research},
  volume={3},
  number={Mar},
  pages={1289--1305},
  year={2003}
}

@article{brownlee_mlmastery,
  title={Machine Learning Mastery with Python},
  author={Brownlee, Jason},
  journal={Machine Learning Mastery Pty Ltd},
  pages={100--120},
  year={2016}
}

@article{hall_weka,
  title={The WEKA data mining software: an update},
  author={Hall, Mark and Frank, Eibe and Holmes, Geoffrey and Pfahringer, Bernhard and Reutemann, Peter and Witten, Ian H},
  journal={ACM SIGKDD explorations newsletter},
  volume={11},
  number={1},
  pages={10--18},
  year={2009},
  publisher={ACM},
  note = {\url{https://doi.org/10.1145/1656274.1656278}}
}

@inproceedings{macskassy_binning,
  title={Adding numbers to text classification},
  author={Macskassy, Sofus A and Hirsh, Haym},
  booktitle={Proceedings of the twelfth international conference on Information and knowledge management},
  pages={240--246},
  year={2003},
  organization={ACM},
  note = {\url{https://doi.org/10.1145/956863.956910}}
}

@article{picard_cv,
  title={Cross-validation of regression models},
  author={Picard, Richard R and Cook, R Dennis},
  journal={Journal of the American Statistical Association},
  volume={79},
  number={387},
  pages={575--583},
  year={1984},
  publisher={Taylor \& Francis Group},
  note = {\url{https://doi.org/10.1080/01621459.1984.10478083}}
}

@inproceedings{kohavi_cvstudy,
  title={A study of cross-validation and bootstrap for accuracy estimation and model selection},
  author={Kohavi, Ron and others},
  booktitle={Ijcai},
  volume={14},
  number={2},
  pages={1137--1145},
  year={1995},
  organization={Montreal, Canada}
}

@book{deboor_splines,
  title={A practical guide to splines},
  author={De Boor, Carl},
  volume={27},
  year={1978},
  publisher={Springer-Verlag New York}
}

@book{parker_imgalgs,
  title={Algorithms for image processing and computer vision},
  author={Parker, Jim R},
  publisher={John Wiley \& Sons},
  year={2010},
  note={\url{https://www.worldcat.org/title/algorithms-for-image-processing-and-computer-vision/oclc/813666888}}
}

@book{fisher_hipr,
  TITLE = {Hypermedia image processing reference},
  AUTHOR = {Fisher, Robert and Perkins, Simon and Walker, Ashley and Wolfart, Erik},
  YEAR = {1996},
  PUBLISHER = {John Wiley \& Sons Ltd},
  NOTE = {\url{https://www.worldcat.org/title/hypermedia-image-processing-reference/oclc/43115444}}
}

@article{wright_cie,
  title={A re-determination of the trichromatic coefficients of the spectral colours},
  author={Wright, William David},
  journal={Transactions of the Optical Society},
  volume={30},
  number={4},
  pages={141},
  year={1929},
  publisher={IOP Publishing},
  note={\url{https://doi.org/10.1088/1475-4878/30/4/301}}
}

@inproceedings{joblove_color,
  title={Color spaces for computer graphics},
  author={Joblove, George H and Greenberg, Donald},
  booktitle={ACM SIGGRAPH Computer Graphics},
  volume={12},
  number={3},
  pages={20--25},
  year={1978},
  organization={ACM},
  note={\url{https://doi.org/10.1145/965139.807362}}
}

@article{cie_lab,
  author = {Robertson, Alan R. and others},
  title = {The {CIE} 1976 Color-Difference Formulae},
  journal = {Color Research \& Application},
  year = {1977},
  volume = {2},
  number = {1},
  pages = {7-11},
  note={\url{https://doi.org/10.1002/j.1520-6378.1977.tb00104.x}}
}

@article{smith_hsv,
  title={Color gamut transform pairs},
  author={Smith, Alvy Ray},
  journal={ACM SIGGRAPH Computer Graphics},
  volume={12},
  number={3},
  pages={12--19},
  year={1978},
  publisher={ACM},
  note={\url{https://doi.org/10.1145/965139.807361}}
}

@article{poynton_colorfaq,
  title={Frequently asked questions about color},
  author={Poynton, Charles},
  journal={Personal website},
  year={2009},
  note={\url{http://poynton.ca/PDFs/ColorFAQ.pdf}}
}

@book{poynton_introvideo,
  title={A technical introduction to digital video},
  author={Poynton, Charles A},
  year={1996},
  publisher={John Wiley \& Sons, Inc.},
  ISBN={0-471-12253-X}
}

@inproceedings{poynton_tour,
  title={A Guided Tour of Colour Space},
  author={Poynton, Charles A},
  booktitle={{New Foundation for Video Technology: The {SMPTE} Advanced Television and Electronic Imaging Conference}},
  pages={167--180},
  year={1995},
  organization={SMPTE},
  note={\url{https://doi.org/10.5594/M00840}}
}

@article{stokes_srgb,
  title={A standard default color space for the internet-{sRGB}},
  author={Stokes, Michael and Anderson, Matthew and Chandrasekar, Srinivasan and Motta, Ricardo},
  journal={Microsoft and Hewlett-Packard Joint Report},
  year={1996},
  note={\url{https://www.w3.org/Graphics/Color/sRGB}}
}

@article{stone_guide,
  title = {Completely Painless Programmer's Guide to {XYZ}, {RGB}, {ICC}, {xyY}, and {TRCs}},
  author={Stone, Ella},
  journal={Personal website},
  year={2015},
  note={\url{https://ninedegreesbelow.com/photography/xyz-rgb.html}}
}

@misc{taylor_colormath,
  author={Taylor, Gregory},
  title={{colormath} module for {Python}},
  year={2018},
  note={\url{https://pypi.org/project/colormath}}
}

@misc{riechert_rawpy,
  author={Riechert, Maik},
  title={{rawpy} (0.13.1), {RAW} image processing for {Python}},
  year={2018},
  note={\url{https://pypi.org/project/rawpy}}
}

@misc{libraw,
  key={{LibRaw}},
  organization={{LibRaw, LLC}},
  title={{libraw}, raw image decoder},
  year={2018},
  note={\url{https://www.libraw.org}}
}

@book{iqbal_intro,
  title={An introduction to solar radiation},
  author={Iqbal, Muhammad},
  year={2012},
  publisher={Elsevier}
}

@book{willers_radiometry,
  title={Electro-optical system analysis and design: a radiometry perspective},
  author={Willers, Cornelius J},
  year={2013},
  publisher={{SPIE}},
  note={\url{https://doi.org/10.1117/3.1001964}}
}

@article{eltbaakh_2012,
  title={Solar attenuation by aerosols: An overview},
  author={Eltbaakh, Yousef A and Ruslan, Mohd Hafidz and Alghoul, MA and Othman, Mohd Yusof and Sopian, Kamaruzzaman and Razykov, TM},
  journal={Renewable and Sustainable Energy Reviews},
  volume={16},
  number={6},
  pages={4264--4276},
  year={2012},
  publisher={Elsevier}
}

@inproceedings{grant_radiometry,
  title={Field Guide to Radiometry},
  author={Grant, Barbara Geri},
  year={2011},
  organization={SPIE},
  note={\url{https://doi.org/10.1117/3.903926}}
}

@article{tibshirani_lasso,
  title={Regression shrinkage and selection via the lasso},
  author={Tibshirani, Robert},
  journal={Journal of the Royal Statistical Society. Series B (Methodological)},
  pages={267--288},
  year={1996},
  publisher={JSTOR}
}

@article{hoerl_ridge,
  title={Ridge regression: Biased estimation for nonorthogonal problems},
  author={Hoerl, Arthur E and Kennard, Robert W},
  journal={Technometrics},
  volume={12},
  number={1},
  pages={55--67},
  year={1970},
  publisher={Taylor \& Francis Group}
}

@article{zou_elastic,
  title={Regularization and variable selection via the elastic net},
  author={Zou, Hui and Hastie, Trevor},
  journal={Journal of the Royal Statistical Society: Series B (Statistical Methodology)},
  volume={67},
  number={2},
  pages={301--320},
  year={2005},
  publisher={Wiley Online Library}
}

@article{geurts_etr,
  title={Extremely randomized trees},
  author={Geurts, Pierre and Ernst, Damien and Wehenkel, Louis},
  journal={Machine learning},
  volume={63},
  number={1},
  pages={3--42},
  year={2006},
  publisher={Springer}
}

@article{kocev_tree,
  title={Tree ensembles for predicting structured outputs},
  author={Kocev, Dragi and Vens, Celine and Struyf, Jan and D{\v{z}}eroski, Sa{\v{s}}o},
  journal={Pattern Recognition},
  volume={46},
  number={3},
  pages={817--833},
  year={2013},
  publisher={Elsevier}
}

@article{cawley_overfitting,
  title={On over-fitting in model selection and subsequent selection bias in performance evaluation},
  author={Cawley, Gavin C and Talbot, Nicola LC},
  journal={Journal of Machine Learning Research},
  volume={11},
  number={Jul},
  pages={2079--2107},
  year={2010}
}

@article{power_seasonal,
  title={Seasonal and interannual variability in atmospheric turbidity over South Africa},
  author={Power, Helen C and Willmott, Cort J},
  journal={International Journal of Climatology: A Journal of the Royal Meteorological Society},
  volume={21},
  number={5},
  pages={579--591},
  year={2001},
  publisher={Wiley Online Library}
}

@inproceedings{anderson_tmr,
  title={Multiple redundancy applications in a computer},
  author={Anderson, JE},
  booktitle={Proc. 1967 Annual Symposium on Reliability},
  pages={553--562},
  year={1967}
}

@inproceedings{ward_radiance,
  title={The {RADIANCE} lighting simulation and rendering system},
  author={Ward, Gregory J},
  booktitle={Proceedings of the 21st annual conference on Computer graphics and interactive techniques},
  pages={459--472},
  year={1994},
  organization={ACM},
  note={\url{https://doi.org/10.1145/192161.192286}}
}

@inproceedings{anselmo_radmap,
  author={Anselmo, Francesco and Lauritano, Aldo},
  title={Evaluation of the solar energy potential in urban settings by irradiation map production},
  booktitle={2nd International Radiance Workshop},
  year={2003},
  month={September},
  organization={Radiance Community},
  address={Berkeley, California},
  pages={1--1},
  note={\url{https://www.radiance-online.org/community/workshops/}}
}

@inproceedings{kajiya_rendering,
  title={The rendering equation},
  author={Kajiya, James T},
  booktitle={ACM SIGGRAPH computer graphics},
  volume={20},
  number={4},
  pages={143--150},
  year={1986},
  organization={ACM},
  note={\url{https://doi.org/10.1145/15886.15902}}
}

@article{burley_hyperion,
  title={The design and evolution of {Disney's} {Hyperion} renderer},
  author={Burley, Brent and Adler, David and Chiang, Matt Jen-Yuan and Driskill, Hank and Habel, Ralf and Kelly, Patrick and Kutz, Peter and Li, Yining Karl and Teece, Daniel},
  journal={ACM Transactions on Graphics (TOG)},
  volume={37},
  number={3},
  pages={33},
  year={2018},
  publisher={ACM},
  note={\url{https://doi.org/10.1145/3182159}}
}

@article{greenberg_sustain,
  title={Sustain: An experimental test bed for building energy simulation},
  author={Greenberg, Donald and Pratt, Kevin and Hencey, Brandon and Jones, Nathaniel and Schumann, Lars and Dobbs, Justin and Dong, Zhao and Bosworth, David and Walter, Bruce},
  journal={Energy and Buildings},
  volume={58},
  pages={44--57},
  year={2013},
  publisher={Elsevier},
  note={\url{https://doi.org/10.1016/j.enbuild.2012.11.026}}
}

@article{crawley_energyplus,
  title={EnergyPlus: creating a new-generation building energy simulation program},
  author={Crawley, Drury B and Lawrie, Linda K and Winkelmann, Frederick C and Buhl, Walter F and Huang, Y Joe and Pedersen, Curtis O and Strand, Richard K and Liesen, Richard J and Fisher, Daniel E and Witte, Michael J and others},
  journal={Energy and buildings},
  volume={33},
  number={4},
  pages={319--331},
  year={2001},
  publisher={Elsevier},
  note={\url{https://doi.org/10.1016/S0378-7788(00)00114-6}}
}

@inproceedings{roudsari_ladybug,
  title={Ladybug: {A} parametric environmental plugin for {Grasshopper} to help designers create an environmentally-conscious design},
  author={Roudsari, Mostapha Sadeghipour and Pak, Michelle and Smith, Adrian and others},
  booktitle={Proceedings of the 13th international IBPSA conference held in Lyon, France Aug},
  year={2013},
  pages={3128--3135},
  note={\url{https://www.ibpsa.org/proceedings/bs2013/p_2499.pdf}}
}

@article{lacis_absorption,
  title={A parameterization for the absorption of solar radiation in the earth's atmosphere},
  author={Lacis, Andrew A and Hansen, James},
  journal={Journal of the atmospheric sciences},
  volume={31},
  number={1},
  pages={118--133},
  year={1974},
  note={\url{https://doi.org/10.1175/1520-0469(1974)031\%3C0118:APFTAO\%3E2.0.CO;2}}
}

@article{kaskaoutis_2008,
  title={The role of aerosol models of the {SMARTS} code in predicting the spectral direct-beam irradiance in an urban area},
  author={Kaskaoutis, DG and Kambezidis, HD},
  journal={Renewable Energy},
  volume={33},
  number={7},
  pages={1532--1543},
  year={2008},
  publisher={Elsevier},
  note={\url{https://doi.org/10.1016/j.renene.2007.09.006}}
}

@article{jacovides_2004,
  title={Application of {SPCTRAL2} parametric model in estimating spectral solar irradiances over polluted Athens atmosphere},
  author={Jacovides, CP and Kaskaoutis, DG and Tymvios, FS and Asimakopoulos, DN},
  journal={Renewable Energy},
  volume={29},
  number={7},
  pages={1109--1119},
  year={2004},
  publisher={Elsevier},
  note={\url{https://doi.org/10.1016/j.renene.2003.12.001}}
}

@book{gueymard_smarts2,
  title={{SMARTS2 A}: simple model of the atmospheric radiative transfer of sunshine: algorithms and performance assessment},
  author={Gueymard, Christian and others},
  year={1995},
  publisher={Florida Solar Energy Center (FSEC) Cocoa, FL},
  note={\url{https://www.nrel.gov/grid/solar-resource/smarts.html}}
}

@article{bird_spectrl2,
  title={Simple solar spectral model for direct and diffuse irradiance on horizontal and tilted planes at the earth's surface for cloudless atmospheres},
  author={Bird, Richard E and Riordan, Carol},
  journal={Journal of climate and applied meteorology},
  volume={25},
  number={1},
  pages={87--97},
  year={1986},
  note={\url{https://doi.org/10.1175/1520-0450(1986)025\%3C0087:SSSMFD\%3E2.0.CO;2}}
}

@inproceedings{berk_modtran,
  title={{MODTRAN 6}: A major upgrade of the {MODTRAN} radiative transfer code},
  author={Berk, Alexander and Conforti, Patrick and Kennett, Rosemary and Perkins, Timothy and Hawes, Frederick and Van Den Bosch, Jeannette},
  booktitle={2014 6th Workshop on Hyperspectral Image and Signal Processing: Evolution in Remote Sensing (WHISPERS)},
  pages={1--4},
  year={2014},
  organization={IEEE},
  note={\url{https://doi.org/10.1109/WHISPERS.2014.8077573}}
}

@article{ricchiazzi_sbdart,
  title={SBDART: A research and teaching software tool for plane-parallel radiative transfer in the Earth's atmosphere},
  author={Ricchiazzi, Paul and Yang, Shiren and Gautier, Catherine and Sowle, David},
  journal={Bulletin of the American Meteorological Society},
  volume={79},
  number={10},
  pages={2101--2114},
  year={1998},
  publisher={American Meteorological Society},
  note={\url{https://doi.org/10.1175/1520-0477(1998)079<2101:SARATS>2.0.CO;2}}
}

@article{vermote_6sv,
  title={Second simulation of a satellite signal in the solar spectrum-vector {(6SV)}},
  author={Vermote, EFTD and Tanr{\'e}, D and Deuz{\'e}, JL and Herman, M and Morcrette, JJ and Kotchenova, SY},
  journal={6S User Guide Version},
  volume={3},
  pages={1--55},
  year={2006}
}

@article{emde_libradtran,
  title={The {libRadtran} software package for radiative transfer calculations (version 2.0.1)},
  author={Emde, Claudia and Buras-Schnell, Robert and Kylling, Arve and Mayer, Bernhard and Gasteiger, Josef and Hamann, Ulrich and Kylling, Jonas and Richter, Bettina and Pause, Christian and Dowling, Timothy and others},
  journal={Geoscientific Model Development},
  number={5},
  pages={1647--1672},
  year={2016},
  publisher={International Society for Photogrammetry and Remote Sensing}
}

@article{mayer_2005,
  title={The {libRadtran} software package for radiative transfer calculations},
  author={Mayer, Bernhard and Kylling, Arve},
  journal={Atmospheric Chemistry and Physics},
  volume={5},
  number={7},
  pages={1855--1877},
  year={2005},
  publisher={Copernicus GmbH}
}

@article{buras_2011,
  title={Efficient unbiased variance reduction techniques for Monte Carlo simulations of radiative transfer in cloudy atmospheres: The solution},
  author={Buras, Robert and Mayer, Bernhard},
  journal={Journal of quantitative spectroscopy and radiative transfer},
  volume={112},
  number={3},
  pages={434--447},
  year={2011},
  publisher={Elsevier}
}

@article{dahlback_1991,
  title={A new spherical model for computing the radiation field available for photolysis and heating at twilight},
  author={Dahlback, Arne and Stamnes, Knut},
  journal={Planetary and Space Science},
  volume={39},
  number={5},
  pages={671--683},
  year={1991},
  publisher={Elsevier}
}

@article{stamnes_1988,
  title={Numerically stable algorithm for discrete-ordinate-method radiative transfer in multiple scattering and emitting layered media},
  author={Stamnes, Knut and Tsay, S-Chee and Wiscombe, Warren and Jayaweera, Kolf},
  journal={Applied optics},
  volume={27},
  number={12},
  pages={2502--2509},
  year={1988},
  publisher={Optical Society of America}
}

@inproceedings{mayer_2009,
  title={Radiative transfer in the cloudy atmosphere},
  author={Mayer, Bernhard},
  booktitle={EPJ Web of Conferences},
  volume={1},
  pages={75--99},
  year={2009},
  organization={EDP Sciences}
}

@article{emde_2007,
  title={Simulation of solar radiation during a total eclipse: a challenge for radiative transfer},
  author={Emde, Claudia and Mayer, Bernhard},
  journal={Atmospheric Chemistry and Physics},
  volume={7},
  number={9},
  pages={2259–-2270},
  year={2007},
  publisher={Copernicus GmbH}
}

@article{kylling_1995,
  title={A reliable and efficient two-stream algorithm for spherical radiative transfer: Documentation of accuracy in realistic layered media},
  author={Kylling, A and Stamnes, Knut and Tsay, S-C},
  journal={Journal of Atmospheric Chemistry},
  volume={21},
  number={2},
  pages={115--150},
  year={1995},
  publisher={Springer}
}

@article{emde_2015,
  title={IPRT polarized radiative transfer model intercomparison project--Phase A},
  author={Emde, Claudia and Barlakas, Vasileios and Cornet, C{\'e}line and Evans, Frank and Korkin, Sergey and Ota, Yoshifumi and Labonnote, Laurent C and Lyapustin, Alexei and Macke, Andreas and Mayer, Bernhard and others},
  journal={Journal of Quantitative Spectroscopy and Radiative Transfer},
  volume={164},
  pages={8--36},
  year={2015},
  publisher={Elsevier}
}

@article{kokhanovsky_2010,
  title={Benchmark results in vector atmospheric radiative transfer},
  author={Kokhanovsky, Alexander A and Budak, Vladimir P and Cornet, Celine and Duan, Minzheng and Emde, Claudia and Katsev, Iosif L and Klyukov, Dmitriy A and Korkin, Sergey V and C-Labonnote, L and Mayer, Bernhard and others},
  journal={Journal of Quantitative Spectroscopy and Radiative Transfer},
  volume={111},
  number={12-13},
  pages={1931--1946},
  year={2010},
  publisher={Elsevier}
}

@article{cahalan_2005,
  title={The I3RC: Bringing together the most advanced radiative transfer tools for cloudy atmospheres},
  author={Cahalan, Robert F and Oreopoulos, Lazaros and Marshak, Alexander and Evans, K Franklin and Davis, Anthony B and Pincus, Robert and Yetzer, Ken H and Mayer, Bernhard and Davies, Roger and Ackerman, Thomas P and others},
  journal={Bulletin of the American Meteorological Society},
  volume={86},
  number={9},
  pages={1275--1294},
  year={2005},
  publisher={American Meteorological Society}
}


@article{hess_opac,
  title={Optical properties of aerosols and clouds: The software package OPAC},
  author={Hess, Michael and Koepke, Peter and Schult, I},
  journal={Bulletin of the American meteorological society},
  volume={79},
  number={5},
  pages={831--844},
  year={1998},
  publisher={American Meteorological Society}
}

@article{holben_aeronet,
  title={AERONET—A federated instrument network and data archive for aerosol characterization},
  author={Holben, Brent N and Eck, T Fꎬ and Slutsker, Iꎬ and Tanre, D and Buis, JP and Setzer, A and Vermote, E and Reagan, John A and Kaufman, YJ and Nakajima, T and others},
  journal={Remote sensing of environment},
  volume={66},
  number={1},
  pages={1--16},
  year={1998},
  publisher={Elsevier}
}

@article{kinney_1958,
  title={Comparison of scotopic, mesopic, and photopic spectral sensitivity curves},
  author={Kinney, Jo Ann Smith},
  journal={JOSA},
  volume={48},
  number={3},
  pages={185--190},
  year={1958},
  publisher={Optical Society of America},
  note={\url{https://doi.org/10.1364/JOSA.48.000185}}
}

@book{koenderink_color,
  title={{Color for the Sciences}},
  author={Koenderink, Jan J},
  year={2010},
  publisher={The MIT Press},
  isbn={0262014289}
}

@article{laney_2001,
  title={3D data management: Controlling data volume, velocity and variety},
  author={Laney, Doug},
  journal={META group research note},
  volume={6},
  number={70},
  pages={1},
  year={2001}
}

@article{chen_2012,
  title={Interactive analytical processing in big data systems: A cross-industry study of mapreduce workloads},
  author={Chen, Yanpei and Alspaugh, Sara and Katz, Randy},
  journal={arXiv preprint arXiv:1208.4174},
  year={2012}
}

@inproceedings{sagiroglu_2013,
  title={Big data: A review},
  author={Sagiroglu, Seref and Sinanc, Duygu},
  booktitle={2013 international conference on collaboration technologies and systems (CTS)},
  pages={42--47},
  year={2013},
  organization={IEEE}
}

@article{gandomi_2015,
  title={Beyond the hype: Big data concepts, methods, and analytics},
  author={Gandomi, Amir and Haider, Murtaza},
  journal={International journal of information management},
  volume={35},
  number={2},
  pages={137--144},
  year={2015},
  publisher={Elsevier}
}

@article{cooper_fmeasure,
  title={On selecting a measure of retrieval effectiveness},
  author={Cooper, William S},
  journal={Journal of the American Society for Information Science},
  volume={24},
  number={2},
  pages={87--100},
  year={1973},
  publisher={Wiley Online Library}
}

@book{van_fmeasure,
  title={Information Retrieval},
  author={Van Rijsbergen, C.J.},
  isbn={9780408709293},
  lccn={78040725},
  year={1979},
  publisher={Butterworths}
}

@inproceedings{chinchor_fmeasure,
  title={The statistical significance of the MUC-4 results},
  author={Chinchor, Nancy},
  booktitle={Proceedings of the 4th conference on Message understanding},
  pages={30--50},
  year={1992},
  organization={Association for Computational Linguistics}
}

@article{sasaki_fmeasure,
  title={The truth oh the F--measure},
  author={Sasaki, Yutaka},
  journal={Technical Report, Version: 26th},
  publisher={Manchester: School of Computer Science, University of Manchester},
  month={10},
  year={2007}
}