@incollection{noaa_fmh1chpt9_2017,
	address = {Washington, D.C.},
	edition = {FCM-H1-2017},
	title = {Chapter 9: {Sky} {Condition}},
	url = {https://www.ofcm.gov/publications/fmh/FMH1/FMH1_2017.pdf},
	language = {English},
	booktitle = {Federal {Meteorological} {Handbook} {No}. 1: {Surface} {Weather} {Observations} and {Reports}},
	publisher = {National Oceanic and Atmospheric Administration},
	author = {{Office Of The Federal Coordinator For Meteorological Services And Supporting Research}},
	month = nov,
	year = {2017},
	pages = {45--50}
}

@article{tohsing_validation_2014,
	title = {Validation of spectral sky radiance derived from all-sky camera images-a case study},
	url = {http://www.repo.uni-hannover.de/handle/123456789/23},
	urldate = {2016-09-08},
	journal = {Atmospheric Measurement Techniques 7 (2014), Nr. 7},
	author = {Tohsing, Korntip and Schrempf, Michael and Riechelmann, Stefan and Seckmeyer, Gunther},
	year = {2014}
}

@article{strutt_lightfromsky_1871,
  title={On the light from the sky, its polarization and colour},
  author={Strutt, John W},
  journal={The London, Edinburgh, and Dublin Philosophical Magazine and Journal of Science},
  volume={41},
  number={271},
  pages={107--120},
  year={1871},
  publisher={Taylor \& Francis}
}

@article{pokrowski_1929,
  title={{\"U}ber einen scheinbaren Mie-Effekt und seine m{\"o}gliche Rolle in der Atmosph{\"a}renoptik},
  author={Pokrowski, GI},
  journal={Zeitschrift f{\"u}r Physik},
  volume={53},
  number={1-2},
  pages={67--71},
  year={1929},
  publisher={Springer}
}

@article{kimball_intensity,
  title={Intensity of solar radiation at the surface of the earth, and its variations with latitude, altitude, season, and time of day},
  author={Kimball, Herbert H},
  journal={Monthly Weather Review},
  volume={63},
  number={1},
  pages={1--4},
  year={1935}
}

@inproceedings{imai_spectral_1999,
	title = {Spectral estimation using trichromatic digital cameras},
	volume = {42},
	url = {http://www.cis.rit.edu/research/mcsl2/online/Spectral/TechnicalPapers/SpecEstimRGBCamera_Chiba99.pdf},
	urldate = {2016-09-08},
	booktitle = {Proceedings of the {International} {Symposium} on {Multispectral} {Imaging} and {Color} {Reproduction} for {Digital} {Archives}},
	author = {Imai, Francisco H. and Berns, Roy S.},
	year = {1999}
}

@article{lopez-alvarez_using_2008,
	title = {Using a trichromatic {CCD} camera for spectral skylight estimation},
	volume = {47},
	url = {https://www.osapublishing.org/abstract.cfm?uri=ao-47-34-h31},
	number = {34},
	urldate = {2016-09-08},
	journal = {Applied optics},
	author = {L{\'o}pez-{\'A}lvarez, Miguel A. and Hern{\'a}ndez-Andr{\'e}s, Javier and Romero, Javier and Olmo, F. J. and Cazorla, A. and Alados-Arboledas, L.},
	year = {2008},
	pages = {H31--H38}
}

@article{ehrlich_airborne_2012,
	title = {Airborne hyperspectral observations of surface and cloud directional reflectivity using a commercial digital camera},
	volume = {12},
	url = {http://www.atmos-chem-phys.net/12/3493/2012/acp-12-3493-2012.html},
	number = {7},
	urldate = {2016-09-08},
	journal = {Atmospheric Chemistry and Physics},
	author = {Ehrlich, A. and Bierwirth, E. and Wendisch, M. and Herber, A. and Gayet, J.-F.},
	year = {2012},
	pages = {3493--3510}
}

@article{saito_estimation_2016,
	title = {Estimation of spectral distribution of sky radiance using a commercial digital camera},
	volume = {55},
	issn = {0003-6935, 1539-4522},
	url = {https://www.osapublishing.org/abstract.cfm?URI=ao-55-2-415},
	doi = {10.1364/AO.55.000415},
	language = {en},
	number = {2},
	urldate = {2016-09-08},
	journal = {Applied Optics},
	author = {Saito, Masanori and Iwabuchi, Hironobu and Murata, Isao},
	month = jan,
	year = {2016},
	pages = {415}
}

@inproceedings{Stumpfel:2004,
 author = {Stumpfel, Jessi and Tchou, Chris and Jones, Andrew and Hawkins, Tim and Wenger, Andreas and Debevec, Paul},
 title = {Direct HDR Capture of the Sun and Sky},
 booktitle = {Proceedings of the 3rd International Conference on Computer Graphics, Virtual Reality, Visualisation and Interaction in Africa},
 series = {AFRIGRAPH '04},
 year = {2004},
 isbn = {1-58113-863-6},
 location = {Stellenbosch, South Africa},
 pages = {145--149},
 numpages = {5},
 url = {http://doi.acm.org/10.1145/1029949.1029977},
 doi = {10.1145/1029949.1029977},
 acmid = {1029977},
 publisher = {ACM},
 address = {New York, NY, USA},
 keywords = {Lighting, Photometry, high dynamic range photography, image-based lighting, real-world capture},
} 

@article{hardeberg_multispectral_1999,
	title = {Multispectral image acquisition and simulation of illuminant changes},
	url = {http://citeseerx.ist.psu.edu/viewdoc/download?doi=10.1.1.35.2243&rep=rep1&type=pdf},
	urldate = {2016-09-08},
	journal = {Colour imaging: vision and technology},
	author = {Hardeberg, Jon Yngve and Schmitt, Francis and Brettel, Hans and Crettez, Jean-Pierre and Maitre, Henri},
	year = {1999},
	pages = {145--164}
}

@article{kider_framework_2014,
	title = {A framework for the experimental comparison of solar and skydome illumination},
	volume = {33},
	url = {http://dl.acm.org/citation.cfm?id=2661259},
	number = {6},
	urldate = {2017-05-25},
	journal = {ACM Transactions on Graphics (TOG)},
	author = {Kider Jr, Joseph T. and Knowlton, Daniel and Newlin, Jeremy and Li, Yining Karl and Greenberg, Donald P.},
	year = {2014},
	pages = {180},
}

@article{steven_standard_1977,
	title = {Standard distributions of clear sky radiance},
	volume = {103},
	issn = {1477-870X},
	url = {http://dx.doi.org/10.1002/qj.49710343706},
	doi = {10.1002/qj.49710343706},
	number = {437},
	journal = {Quarterly Journal of the Royal Meteorological Society},
	author = {Steven, Michael D. and Unsworth, M. H.},
	year = {1977},
	pages = {457--465}
}

@article{efron_least_2004,
	title = {Least angle regression},
	volume = {32},
	number = {2},
	journal = {The Annals of statistics},
	author = {Efron, Bradley and Hastie, Trevor and Johnstone, Iain and Tibshirani, Robert},
	year = {2004},
	pages = {407--499},
	file = {lars.pdf:C\:\\Users\\jdelrocc\\Zotero\\storage\\XHQUZLJ4\\lars.pdf:application/pdf}
}

@article{reda_spa,
	title = {Solar position algorithm for solar radiation applications},
	volume = {76},
	number = {5},
	journal = {Solar energy},
	author = {Reda, Ibrahim and Andreas, Afshin},
	year = {2004},
	pages = {577--589}
}

@article{blanc_sg2,
  title={The SG2 algorithm for a fast and accurate computation of the position of the Sun for multi-decadal time period},
  author={Blanc, Ph and Wald, Lucien},
  journal={Solar Energy},
  volume={86},
  number={10},
  pages={3072--3083},
  year={2012},
  publisher={Elsevier}
}

@article{roman_calibration_2012,
	title = {Calibration of an all-sky camera for obtaining sky radiance at three wavelengths},
	volume = {5},
	issn = {1867-8548},
	url = {http://www.atmos-meas-tech.net/5/2013/2012/},
	doi = {10.5194/amt-5-2013-2012},
	language = {en},
	number = {8},
	urldate = {2018-02-05},
	journal = {Atmospheric Measurement Techniques},
	author = {Rom{\'a}n, R. and Ant{\`o}n, M. and Cazorla, A. and de Miguel, A. and Olmo, F. J. and Bilbao, J. and Alados-Arboledas, L.},
	month = aug,
	year = {2012},
	pages = {2013--2024}
}

@article{lee_jr_measuring_2008,
	title = {Measuring overcast colors with all-sky imaging},
	volume = {47},
	number = {34},
	journal = {Applied optics},
	author = {Lee Jr, Raymond L.},
	year = {2008},
	pages = {H106--H115}
}

@article{saito_cloud,
	title = {Cloud {Discrimination} from {Sky} {Images} {Using} a {Clear}-{Sky} {Index}},
	volume = {33},
	issn = {0739-0572, 1520-0426},
	url = {http://journals.ametsoc.org/doi/10.1175/JTECH-D-15-0204.1},
	doi = {10.1175/JTECH-D-15-0204.1},
	language = {en},
	number = {8},
	urldate = {2018-02-02},
	journal = {Journal of Atmospheric and Oceanic Technology},
	author = {Saito, Masanori and Iwabuchi, Hironobu},
	month = aug,
	year = {2016},
	pages = {1583--1595}
}

@article{yamashita_cloud,
  title={Cloud cover estimation using multitemporal hemisphere imageries},
  author={Yamashita, M and Yoshimura, M and Nakashizuka, T},
  journal={International Archives of Photogrammetry Remote Sensing and Spatial Information Sciences},
  volume={35},
  number={7},
  pages={826--829},
  year={2004},
  publisher={Citeseer}
}

@article{li_cloud,
  title={A hybrid thresholding algorithm for cloud detection on ground-based color images},
  author={Li, Qingyong and Lu, Weitao and Yang, Jun},
  journal={Journal of atmospheric and oceanic technology},
  volume={28},
  number={10},
  pages={1286--1296},
  year={2011}
}

@article{rossini_maps_2007,
	title = {Maps of sky relative radiance and luminance distributions acquired with a monochromatic {CCD} camera},
	volume = {81},
	issn = {0038092X},
	url = {http://linkinghub.elsevier.com/retrieve/pii/S0038092X07001508},
	doi = {10.1016/j.solener.2007.06.013},
	language = {en},
	number = {11},
	urldate = {2018-02-20},
	journal = {Solar Energy},
	author = {Rossini, Elton G. and Krenzinger, Arno},
	month = nov,
	year = {2007},
	pages = {1323--1332}
}

@article{juan_calibration_2009,
	title = {Calibration and {Validation} of an {All}-{Sky} {Imager}},
	volume = {2},
	issn = {1674-2834, 2376-6123},
	url = {http://www.tandfonline.com/doi/full/10.1080/16742834.2009.11446806},
	doi = {10.1080/16742834.2009.11446806},
	language = {en},
	number = {4},
	urldate = {2018-02-20},
	journal = {Atmospheric and Oceanic Science Letters},
	author = {Juan, Huo and Da-Ren, Lu},
	month = jan,
	year = {2009},
	pages = {220--223}
}

@article{chauvin_modelling_2015,
	title = {Modelling the clear-sky intensity distribution using a sky imager},
	volume = {119},
	issn = {0038092X},
	url = {http://linkinghub.elsevier.com/retrieve/pii/S0038092X15003345},
	doi = {10.1016/j.solener.2015.06.026},
	language = {en},
	urldate = {2018-02-20},
	journal = {Solar Energy},
	author = {Chauvin, R{\'e}mi and Nou, Julien and Thil, St{\'e}phane and Grieu, St{\'e}phane},
	month = sep,
	year = {2015},
	pages = {1--17}
}

@article{cazorla_using_2008,
	title = {Using a sky imager for aerosol characterization},
	volume = {42},
	number = {11},
	journal = {Atmospheric Environment},
	author = {Cazorla, A and Olmo, FJ and Alados-Arboledas, L},
	year = {2008},
	pages = {2739--2745}
}

@article{cazorla_development_2008,
	title = {Development of a sky imager for cloud cover assessment},
	volume = {25},
	number = {1},
	journal = {JOSA A},
	author = {Cazorla, A. and Olmo, F. J. and Alados-Arboledas, L.},
	year = {2008},
	pages = {29--39}
}

@article{milton_estimating_2006,
	title = {Estimating the irradiance spectrum from measurements in a limited number of spectral bands},
	volume = {100},
	issn = {0034-4257},
	url = {http://www.sciencedirect.com/science/article/pii/S0034425705003780},
	doi = {10.1016/j.rse.2005.10.016},
	number = {3},
	urldate = {2018-02-28},
	journal = {Remote Sensing of Environment},
	author = {Milton, E. J. and Rollin, E. M.},
	month = feb,
	year = {2006},
	keywords = {Atmosphere, Calibration, Field spectroscopy, Methodology, Spectral irradiance},
	pages = {348--355}
}

@article{mie_beitrage_1908,
  title={Beitr{\"a}ge zur Optik tr{\"u}ber Medien, speziell kolloidaler Metall{\"o}sungen},
  author={Mie, Gustav},
  journal={Annalen der physik},
  volume={330},
  number={3},
  pages={377--445},
  year={1908},
  publisher={Wiley Online Library}
}

@incollection{wriedt_miereview_2012,
  title={Mie theory: a review},
  author={Wriedt, Thomas},
  booktitle={The Mie Theory},
  pages={53--71},
  year={2012},
  publisher={Springer}
}

@book{wriedt_miebook_2012,
  title={The Mie Theory: basics and applications},
  author={Hergert, Wolfram and Wriedt, Thomas},
  volume={169},
  year={2012},
  publisher={Springer}
}

@article{pissulla_comparison_2009,
	title = {Comparison of atmospheric spectral radiance measurements from five independently calibrated systems},
	volume = {8},
	issn = {1474-905X, 1474-9092},
	url = {http://xlink.rsc.org/?DOI=b817018e},
	doi = {10.1039/b817018e},
	language = {en},
	number = {4},
	urldate = {2018-06-18},
	journal = {Photochemical \& Photobiological Sciences},
	author = {Pissulla, D. and Seckmeyer, G. and Cordero, R. R. and Blumthaler, M. and Schallhart, B. and Webb, A. and Kift, R. and Smedley, A. and Bais, A. F. and Kouremeti, N. and Cede, A. and Herman, J. and Kowalewski, M.},
	year = {2009},
	pages = {516}
}

@article{cordero_downwelling_2013,
	title = {Downwelling and upwelling radiance distributions sampled under cloudless conditions in {Antarctica}},
	volume = {52},
	issn = {1559-128X, 2155-3165},
	url = {https://www.osapublishing.org/abstract.cfm?URI=ao-52-25-6287},
	doi = {10.1364/AO.52.006287},
	language = {en},
	number = {25},
	urldate = {2018-06-21},
	journal = {Applied Optics},
	author = {Cordero, Raul R. and Damiani, Alessandro and Ferrer, Jorge and Rayas, Juan and Jorquera, Jose and Tobar, Mario and Labbe, Fernando and Laroze, David},
	month = sep,
	year = {2013},
	pages = {6287}
}

@article{kocifaj_angular_2012,
  title={Angular distribution of scattered radiation under broken cloud arrays: an approximation of successive orders of scattering},
  author={Kocifaj, M},
  journal={Solar Energy},
  volume={86},
  number={12},
  pages={3575--3586},
  year={2012},
  publisher={Elsevier}
}

@article{kocifaj_unified_2015,
	title = {Unified model of radiance patterns under arbitrary sky conditions},
	volume = {115},
	issn = {0038092X},
	url = {http://linkinghub.elsevier.com/retrieve/pii/S0038092X15000894},
	doi = {10.1016/j.solener.2015.02.019},
	language = {en},
	urldate = {2018-06-21},
	journal = {Solar Energy},
	author = {Kocifaj, Miroslav},
	month = may,
	year = {2015},
	pages = {40--51}
}

@article{arking_cloudcover,
  title={Retrieval of cloud cover parameters from multispectral satellite images},
  author={Arking, Albert and Childs, Jeffrey D},
  journal={Journal of Climate and Applied Meteorology},
  volume={24},
  number={4},
  pages={322--333},
  year={1985}
}

@article{smith_tilt,
  title={An all-sky radiative transfer method to predict optimal tilt and azimuth angle of a solar collector},
  author={Smith, Christopher J and Forster, Piers M and Crook, Rolf},
  journal={Solar Energy},
  volume={123},
  pages={88--101},
  year={2016},
  publisher={Elsevier}
}

@inproceedings{veach_metropolis,
  title={Metropolis light transport},
  author={Veach, Eric and Guibas, Leonidas J},
  booktitle={Proceedings of the 24th annual conference on Computer graphics and interactive techniques},
  pages={65--76},
  year={1997},
  organization={ACM Press/Addison-Wesley Publishing Co.}
}

@article{kider_islamic,
  title={Recreating early Islamic glass lamp lighting},
  author={Kider Jr, Joseph T and Fletcher, Rebecca and Yu, Nancy and Holod, Renata and Chalmers, Alan and Badler, Norman I},
  year={2009}
}

@article{nicodemus_brdf,
  title={Directional reflectance and emissivity of an opaque surface},
  author={Nicodemus, Fred E},
  journal={Applied optics},
  volume={4},
  number={7},
  pages={767--775},
  year={1965},
  publisher={Optical Society of America}
}

@article{deering_atmospheric,
  title={Atmospheric optical depth effects on angular anisotropy of plant canopy reflectance},
  author={Deering, Donald W and Eck, Thomas F},
  journal={International Journal of Remote Sensing},
  volume={8},
  number={6},
  pages={893--916},
  year={1987},
  publisher={Taylor \& Francis}
}

@article{kurt_survey,
  title={A survey of BRDF models for computer graphics},
  author={Kurt, Murat and Edwards, Dave},
  journal={ACM SIGGRAPH Computer Graphics},
  volume={43},
  number={2},
  pages={4},
  year={2009},
  publisher={ACM}
}

@article{cook_torrance_brdf,
  title={A reflectance model for computer graphics},
  author={Cook, Robert L and Torrance, Kenneth E.},
  journal={ACM Transactions on Graphics (TOG)},
  volume={1},
  number={1},
  pages={7--24},
  year={1982},
  publisher={ACM}
}

@misc{jakob_mitsuba,
    author = {Wenzel Jakob},
    year = {2010},
    note = {http://www.mitsuba-renderer.org},
    title = {Mitsuba renderer}
}

@article{haber_physically,
  title={Physically-based simulation of twilight phenomena},
  author={Haber, J{\"o}rg and Magnor, Marcus and Seidel, Hans-Peter},
  journal={ACM Transactions on Graphics (TOG)},
  volume={24},
  number={4},
  pages={1353--1373},
  year={2005},
  publisher={ACM}
}

@book{jarosz_montecarlo,
  title={Efficient Monte Carlo methods for light transport in scattering media},
  author={Jarosz, Wojciech},
  year={2008},
  publisher={Citeseer}
}

@article{schumann_environment,
  title={Environment mapping for fast and robust calculation of indirect radiant energy},
  author={Schumann, Lars and Greenberg, Donald P},
  journal={Proceedings of SimBuild},
  volume={5},
  number={1},
  pages={263--269},
  year={2012}
}

@book{hensen_buildingperformance,
  title={Building performance simulation for design and operation},
  author={Hensen, Jan LM and Lamberts, Roberto},
  year={2012},
  publisher={Routledge}
}

@article{jakica_survey,
  title={State-of-the-art review of solar design tools and methods for assessing daylighting and solar potential for building-integrated photovoltaics},
  author={Jakica, Nebojsa},
  journal={Renewable and Sustainable Energy Reviews},
  year={2017},
  publisher={Elsevier}
}

@book{chandrasekhar_radiative,
  title={Radiative transfer},
  author={Chandrasekhar, Subrahmanyan},
  year={2013},
  publisher={Courier Corporation}
}

@article{sigernes_sensitivity,
  title={Sensitivity calibration of digital colour cameras for auroral imaging},
  author={Sigernes, Fred and Holmes, Jeffrey Morgan and Dyrland, Margit and Lorentzen, Dag Arne and Sven{\o}e, Trond and Heia, Karsten and Aso, Takehiko and Chernouss, Sergey and Deehr, Charles Sterling},
  journal={Optics express},
  volume={16},
  number={20},
  pages={15623--15632},
  year={2008},
  publisher={Optical Society of America}
}

@article{pedregosa_scikit,
  title={Scikit-learn: Machine learning in Python},
  author={Pedregosa, Fabian and Varoquaux, Ga{\"e}l and Gramfort, Alexandre and Michel, Vincent and Thirion, Bertrand and Grisel, Olivier and Blondel, Mathieu and Prettenhofer, Peter and Weiss, Ron and Dubourg, Vincent and others},
  journal={Journal of machine learning research},
  volume={12},
  number={Oct},
  pages={2825--2830},
  year={2011}
}

@article{behnel_cython,
  title={Cython: The best of both worlds},
  author={Behnel, Stefan and Bradshaw, Robert and Citro, Craig and Dalcin, Lisandro and Seljebotn, Dag Sverre and Smith, Kurt},
  journal={Computing in Science \& Engineering},
  volume={13},
  number={2},
  pages={31--39},
  year={2011},
  publisher={IEEE}
}

@book{mitchell_ml,
  title={Machine learning: An artificial intelligence approach},
  author={Michalski, Ryszard S and Carbonell, Jaime G and Mitchell, Tom M},
  year={2013},
  publisher={Springer Science \& Business Media}
}

@article{domingos_feature,
  title={A few useful things to know about machine learning},
  author={Domingos, Pedro},
  journal={Communications of the ACM},
  volume={55},
  number={10},
  pages={78--87},
  year={2012},
  publisher={ACM}
}

@article{forman_feature,
  title={An extensive empirical study of feature selection metrics for text classification},
  author={Forman, George},
  journal={Journal of machine learning research},
  volume={3},
  number={Mar},
  pages={1289--1305},
  year={2003}
}

@article{brownlee_mlmastery,
  title={Machine Learning Mastery with Python},
  author={Brownlee, Jason},
  journal={Machine Learning Mastery Pty Ltd},
  pages={100--120},
  year={2016}
}

@article{picard_cv,
  title={Cross-validation of regression models},
  author={Picard, Richard R and Cook, R Dennis},
  journal={Journal of the American Statistical Association},
  volume={79},
  number={387},
  pages={575--583},
  year={1984},
  publisher={Taylor \& Francis Group}
}

@inproceedings{kohavi_cvstudy,
  title={A study of cross-validation and bootstrap for accuracy estimation and model selection},
  author={Kohavi, Ron and others},
  booktitle={Ijcai},
  volume={14},
  number={2},
  pages={1137--1145},
  year={1995},
  organization={Montreal, Canada}
}

@book{deboor_splines,
  title={A practical guide to splines},
  author={De Boor, Carl},
  volume={27},
  year={1978},
  publisher={Springer-Verlag New York}
}

@book{iqbal_intro,
  title={An introduction to solar radiation},
  author={Iqbal, Muhammad},
  year={2012},
  publisher={Elsevier}
}

@article{tibshirani_lasso,
  title={Regression shrinkage and selection via the lasso},
  author={Tibshirani, Robert},
  journal={Journal of the Royal Statistical Society. Series B (Methodological)},
  pages={267--288},
  year={1996},
  publisher={JSTOR}
}

@article{hoerl_ridge,
  title={Ridge regression: Biased estimation for nonorthogonal problems},
  author={Hoerl, Arthur E and Kennard, Robert W},
  journal={Technometrics},
  volume={12},
  number={1},
  pages={55--67},
  year={1970},
  publisher={Taylor \& Francis Group}
}

@article{zou_elastic,
  title={Regularization and variable selection via the elastic net},
  author={Zou, Hui and Hastie, Trevor},
  journal={Journal of the Royal Statistical Society: Series B (Statistical Methodology)},
  volume={67},
  number={2},
  pages={301--320},
  year={2005},
  publisher={Wiley Online Library}
}

@article{geurts_etr,
  title={Extremely randomized trees},
  author={Geurts, Pierre and Ernst, Damien and Wehenkel, Louis},
  journal={Machine learning},
  volume={63},
  number={1},
  pages={3--42},
  year={2006},
  publisher={Springer}
}

@article{kocev_tree,
  title={Tree ensembles for predicting structured outputs},
  author={Kocev, Dragi and Vens, Celine and Struyf, Jan and D{\v{z}}eroski, Sa{\v{s}}o},
  journal={Pattern Recognition},
  volume={46},
  number={3},
  pages={817--833},
  year={2013},
  publisher={Elsevier}
}

@article{cawley_overfitting,
  title={On over-fitting in model selection and subsequent selection bias in performance evaluation},
  author={Cawley, Gavin C and Talbot, Nicola LC},
  journal={Journal of Machine Learning Research},
  volume={11},
  number={Jul},
  pages={2079--2107},
  year={2010}
}

@article{power_seasonal,
  title={Seasonal and interannual variability in atmospheric turbidity over South Africa},
  author={Power, Helen C and Willmott, Cort J},
  journal={International Journal of Climatology: A Journal of the Royal Meteorological Society},
  volume={21},
  number={5},
  pages={579--591},
  year={2001},
  publisher={Wiley Online Library}
}

@inproceedings{anderson_tmr,
  title={Multiple redundancy applications in a computer},
  author={Anderson, JE},
  booktitle={Proc. 1967 Annual Symposium on Reliability},
  pages={553--562},
  year={1967}
}